<record xmlns="http://www.loc.gov/MARC21/slim" xmlns:xsi="http://www.w3.org/2001/XMLSchema-instance" xsi:schemaLocation="http://www.loc.gov/MARC21/slim http://www.loc.gov/standards/marcxml/schema/MARC21slim.xsd">

  <leader>00786nam a2200193   4500</leader>
  <controlfield tag="008">160502b2009    ag ||||| |||| 00| | spa d</controlfield>
  <datafield tag="020" ind2=" " ind1=" ">
    <subfield code="a">9789871450718</subfield>
  </datafield>
  <datafield ind1=" " ind2=" " tag="090">
    <subfield code="a">06.02.01</subfield>
    <subfield code="b">2321</subfield>
  </datafield>
  <datafield ind1="1" ind2=" " tag="100">
    <subfield code="9">1678</subfield>
    <subfield code="a">Delory-Momberger, Christine</subfield>
  </datafield>
  <datafield tag="245" ind2="0" ind1="1">
    <subfield code="a">Biografía y educación: figuras del individuo-proyecto / Christine Delory-Momberger ; prefacio Pierre Dominicé ; traducción Juan Alejandro Fernando Gomes</subfield>
  </datafield>
  <datafield tag="260" ind2=" " ind1=" ">
    <subfield code="a">Buenos Aires, Argentina : </subfield>
    <subfield code="b">CLACSO, </subfield>
    <subfield code="c">2009</subfield>
  </datafield>
  <datafield ind1=" " ind2=" " tag="300">
    <subfield code="a">162 páginas</subfield>
  </datafield>
  <datafield ind1=" " ind2=" " tag="490">
    <subfield code="a">Colección narrativas, autobiografías y educación</subfield>
  </datafield>
  <datafield tag="500" ind2=" " ind1=" ">
    <subfield code="a">Título original: Biographie et Éducation. Figures de l'individu-projet</subfield>
  </datafield>
  <datafield tag="650" ind2="4" ind1="1">
    <subfield code="9">1</subfield>
    <subfield code="a">EDUCACIÓN</subfield>
  </datafield>
  <datafield ind1="1" ind2="4" tag="650">
    <subfield code="9">968</subfield>
    <subfield code="a">BIOGRAFÍAS</subfield>
  </datafield>
  <datafield tag="700" ind2=" " ind1="1">
    <subfield code="9">1679</subfield>
    <subfield code="a">Fernando Gomes, Juan Alejandro</subfield>
    <subfield code="e">Traductor/a</subfield>
  </datafield>
  <datafield tag="942" ind2=" " ind1=" ">
    <subfield code="2">z</subfield>
    <subfield code="c">01</subfield>
  </datafield>
  <datafield tag="999" ind1=" " ind2=" ">
    <subfield code="c">3187</subfield>
    <subfield code="d">3187</subfield>
  </datafield>
</record>